@article{galeano2007covariance,
author = {Galeano, Pedro and Pe\~{n}a, Daniel},
doi = {10.1016/j.jspi.2005.09.003},
file = {:Users/cbuntain/Documents/Mendeley/Journal of Statistical Planning and Inference/Galeano, Pe\~{n}a/Galeano, Pe\~{n}a - 2007 - Covariance changes detection in multivariate time series.pdf:pdf},
issn = 03783758,
journal = {Journal of Statistical Planning and Inference},
keywords = {cusum statistic,heteroskedasticity,likelihood ratio test statistic,step changes,varma models},
mendeley-groups = {Pire2014},
month = jan,
number = 1,
pages = {194--211},
publisher = {Elsevier},
title = {{Covariance changes detection in multivariate time series}},
url = {http://linkinghub.elsevier.com/retrieve/pii/S0378375805002673},
volume = 137,
year = 2007
}

@article{kawahara2012sequential,
  title={Sequential change-point detection based on direct density-ratio estimation},
  author={Kawahara, Yoshinobu and Sugiyama, Masashi},
  journal={Statistical Analysis and Data Mining},
  volume={5},
  number={2},
  pages={114--127},
  year={2012},
  publisher={Wiley Online Library}
}
                  
@incollection{sugiyama2008direct,
title = {Direct Importance Estimation with Model Selection and Its Application to Covariate Shift Adaptation},
author = {Sugiyama, Masashi and Nakajima, Shinichi and Hisashi Kashima and Paul V. Buenau and Kawanabe, Motoaki},
booktitle = {Advances in Neural Information Processing Systems 20},
editor = {J.C. Platt and D. Koller and Y. Singer and S.T. Roweis},
pages = {1433--1440},
year = {2008},
publisher = {Curran Associates, Inc.},
url = {http://papers.nips.cc/paper/3248-direct-importance-estimation-with-model-selection-and-its-application-to-covariate-shift-adaptation.pdf}
}

@inproceedings{kivinen2001online,
  title={Online learning with kernels},
  author={Kivinen, Jyrki and Smola, Alex J and Williamson, Robert C},
  booktitle={Advances in Neural Information Processing Systems},
  pages={785--792},
  year={2001}
}

@book{berlinet2004reproducing,
  title={Reproducing kernel Hilbert spaces in probability and statistics},
  author={Berlinet, Alain and Thomas-Agnan, Christine},
  volume={3},
  year={2004},
  publisher={Springer}
}
